@InProceedings{Chatfield14,
  author       = "Chatfield, K. and Simonyan, K. and Vedaldi, A. and Zisserman, A.",
  title        = "Return of the Devil in the Details: Delving Deep into Convolutional Nets",
  booktitle    = "British Machine Vision Conference",
  year         = "2014"
}

@InProceedings{Chai11,
	author = "Chai, Y. and Lempitsky, V. and Zisserman, A.",
	title = "BiCoS: A Bi-level Co-Segmentation Method for Image Classification"
	booktitle = "13th Annual Computer Vision Conference"
	year = "2011"
}

@misc{LitRev:Chai,
  author = "Chai, Y.",
  title = "Recognition between a Large Number of Flower Species",
  year = "2011",
  url = "http://www.robots.ox.ac.uk/~vgg/research/flowers_demo/docs/Chai11.pdf",
}

@InProceedings{Nilsback08, 
   author = "Nilsback, M-E. and Zisserman, A.", 
   title = "Automated Flower Classification over a Large Number of Classes", 
   booktitle = "Proceedings of the Indian Conference on Computer Vision, Graphics and Image Processing", 
   year = "2008", 
   month = "Dec" 
} 

@inproceedings{conf/eccv/LiuKJB12,
  author = {Liu, Jiongxin and Kanazawa, Angjoo and Jacobs, David W. and Belhumeur, Peter N.},
  booktitle = {ECCV (1)},
  editor = {Fitzgibbon, Andrew W. and Lazebnik, Svetlana and Perona, Pietro and Sato, Yoichi and Schmid, Cordelia},
  pages = {172-185},
  publisher = {Springer},
  series = {Lecture Notes in Computer Science},
  title = {Dog Breed Classification Using Part Localization.},
  url = {http://dblp.uni-trier.de/db/conf/eccv/eccv2012-1.html#LiuKJB12},
  volume = 7572,
  year = 2012
}


@InProceedings{leafsnap_eccv2012,
author = {Neeraj Kumar and Peter N. Belhumeur and Arijit Biswas and David W. Jacobs and W. John Kress and Ida Lopez and Joao V. B. Soares},
title = {Leafsnap: A Computer Vision System for Automatic Plant Species Identification},
booktitle = {The 12th European Conference on Computer Vision (ECCV)},
month = {October},
year = {2012}
}



@misc{CNN:Imagenet,
  author = "Imagenet",
  title = "ImageNet Large Scale Visual Recognition Competition 2012 (ILSVRC2012)",
  year = "2015",
  url = "http://image-net.org/challenges/LSVRC/2012/browse-synsets",
  note = "[Online; accessed 12-April-2015]"
}

@Article{REF08a,
  author = 	 {Rong-En Fan and Kai-Wei Chang and Cho-Jui Hsieh and Xiang-Rui Wang and Chih-Jen Lin},
  title = 	 {{LIBLINEAR}: A Library for Large Linear Classification},
  journal = 	 {Journal of Machine Learning Research},
  year = 	 {2008},
  volume =	 {9},
  pages =	 {1871--1874}
}

@article{arXiv:1412.4564,
     author    = {A. Vedaldi and K. Lenc},
     title     = {MatConvNet -- Convolutional Neural Networks for MATLAB},
     journal   = {CoRR},
     volume    = {abs/1412.4564},
     year      = {2014},
}

@misc{LitRev:DeepLearning,
  author = "LISA Lab",
  title = "Convolutional Neural Networks (LeNet): DeepLearning 0.1 documentation",
  year = "2015",
  url = "http://deeplearning.net/tutorial/lenet.htmll",
  note = "[Online; accessed 3-May-2015]"
}









misc{LitRev:Potts,
  author = "Potts, B.",
  title = "Virginia Tech Tree ID",
  year = "2015",
  url = "https://play.google.com/store/apps/details?id=org.pottssoftware.agps21",
  note = "[Online; accessed 3-May-2015]"
}

misc{LitRev:NatureGate,
  author = "NatureGate",
  title = "NatureGate",
  year = "2014",
  url = "https://play.google.com/store/apps/details?id=com.luontoportti",
  note = "[Online; accessed 3-May-2015]"
}

misc{LitRev:Pflanzen,
  author = "Andreas Garzotto GmbH",
  title = "iPflanzen",
  year = "2013",
  url = "https://itunes.apple.com/us/app/ipflanzen/id416983587?mt=8",
  note = "[Online; accessed 3-May-2015]"
}

misc{LitRev:PlantNet,
  author = "plantnet-project.org",
  title = "PlantNet Plant Identification",
  year = "2015",
  url = "https://play.google.com/store/apps/details?id=cz.thran.flowerchecker",
  note = "[Online; accessed 3-May-2015]"
}

misc{LitRev:FlowerChecker,
  author = "Thran",
  title = "FlowerChecker, plant identify",
  year = "2015",
  url = "https://play.google.com/store/apps/details?id=org.plantnet&hl=en",
  note = "[Online; accessed 3-May-2015]"
}



misc{Server:Flask,
  author = "Pocoo",
  title = "Flask (A Python Microframework)",
  year = "2015",
  url = "http://flask.pocoo.org/",
  note = "[Online; accessed 10-April-2015]"
}

misc{AndroidDev:AsyncTask,
  author = "Google",
  title = "AsyncTask | Android Developers",
  year = "2015",
  url = "http://developer.android.com/reference/android/os/AsyncTask.html",
  note = "[Online; accessed 10-April-2015]"
}

misc{AndroidDev:Picasso,
  author = "Square",
  title = "Picasso",
  year = "2015",
  url = "http://square.github.io/picasso/",
  note = "[Online; accessed 10-April-2015]"
}

misc{Server:Mlwrap,
  author = "Alexander Schmolck and Vivek Rathod",
  title = "mlabwrap v1.1",
  year = "2015",
  url = "http://mlabwrap.sourceforge.net/",
  note = "[Online; accessed 11-April-2015]"



misc{AndroidDev:Material,
  author = "Google",
  title = "Material Design | Android Developers",
  year = "2015",
  url = "https://developer.android.com/design/material/index.html",
  note = "[Online; accessed 13-April-2015]"
}

misc{AndroidDev:Design,
  author = "Google",
  title = "Design | Android Developers",
  year = "2015",
  url = "https://developer.android.com/design/index.html",
  note = "[Online; accessed 13-April-2015]"
}

misc{AndroidDev:Icons,
  author = "Google",
  title = "Downloads | Android Developers",
  year = "2015",
  url = "https://developer.android.com/design/downloads/index.html#action-bar-icon-pack",
  note = "[Online; accessed 13-April-2015]"
}


misc{SVM:LibLinear,
  author = "Machine Learning Group at National Taiwan University",
  title = "LIBLINEAR -- A Library for Large Linear Classification",
  year = "2015",
  url = "http://www.csie.ntu.edu.tw/~cjlin/liblinear/",
  note = "[Online; accessed 22-April-2015]"
}



misc{AndroidDev:Activity,
  author = "Google",
  title = "Activity | Android Developers",
  year = "2015",
  url = "http://developer.android.com/reference/android/app/Activity.html",
  note = "[Online; accessed 22-April-2015]"
}




